@incollection{Bengio+chapter2007,
author = {Bengio, Yoshua and LeCun, Yann},
booktitle = {Large Scale Kernel Machines},
publisher = {MIT Press},
title = {Scaling Learning Algorithms Towards {AI}},
year = {2007}
}

@article{Hinton06,
author = {Hinton, Geoffrey E. and Osindero, Simon and Teh, Yee Whye},
journal = {Neural Computation},
pages = {1527--1554},
title = {A Fast Learning Algorithm for Deep Belief Nets},
volume = {18},
year = {2006}
}

@book{skeptical,
  title={The skeptical environmentalist: measuring the real state of the world},
  author={Lomborg, Bj{\o}rn},
  volume={1},
  year={2003},
  publisher={Cambridge University Press Cambridge}
}

@article{inside,
  title={Inside {UN} climate change negotiations: The {C}openhagen conference},
  author={Dimitrov, Radoslav S},
  journal={Review of policy research},
  volume={27},
  number={6},
  pages={795--821},
  year={2010},
  publisher={Wiley Online Library}
}